<record><leader>00000cas a22000007a 4500</leader><controlfield tag="001">21731581</controlfield><controlfield tag="008">900607d19291960couwr ne      0    0eng d</controlfield><datafield ind1=" " ind2=" " tag="010"><subfield code="a">sn 90051389 </subfield></datafield><datafield ind1=" " ind2=" " tag="040"><subfield code="a">CNQ</subfield><subfield code="b">eng</subfield><subfield code="c">CNQ</subfield><subfield code="d">OCLCQ</subfield></datafield><datafield ind1=" " ind2=" " tag="042"><subfield code="a">msc</subfield></datafield><datafield ind1="0" ind2=" " tag="130"><subfield code="a">Craig empire-courier (Craig, Colo. : 1929)</subfield></datafield><datafield ind1="1" ind2="4" tag="245"><subfield code="a">The Craig empire-courier.</subfield></datafield><datafield ind1=" " ind2=" " tag="260"><subfield code="a">Craig, Colo. :</subfield><subfield code="b">Neil W. Kimball</subfield></datafield><datafield ind1=" " ind2=" " tag="300"><subfield code="a">v.</subfield></datafield><datafield ind1=" " ind2=" " tag="310"><subfield code="a">Weekly</subfield></datafield><datafield ind1="1" ind2=" " tag="362"><subfield code="a">Began in Dec. 1929.</subfield></datafield><datafield ind1="0" ind2=" " tag="362"><subfield code="a">-v. 68, no. 49 (Mar. 3, 1960).</subfield></datafield><datafield ind1=" " ind2=" " tag="530"><subfield code="a">Available on microfilm from the Colorado Historical Society.</subfield></datafield><datafield ind1=" " ind2=" " tag="588"><subfield code="a">Description based on: Vol. 39, no. 29 (Dec. 18, 1929) = v. 18, no. 50.</subfield></datafield><datafield ind1=" " ind2=" " tag="752"><subfield code="a">United States</subfield><subfield code="b">Colorado</subfield><subfield code="c">Moffat</subfield><subfield code="d">Craig.</subfield></datafield><datafield ind1="0" ind2="4" tag="780"><subfield code="t">Craig empire</subfield><subfield code="w">(DLC)sn 90051392</subfield></datafield><datafield ind1="0" ind2="4" tag="780"><subfield code="t">Moffat County courier</subfield><subfield code="w">(DLC)sn 90051391</subfield></datafield><datafield ind1="0" ind2="0" tag="785"><subfield code="t">Empire-courier</subfield><subfield code="w">(DLC)sn 90051385</subfield></datafield><datafield ind1="1" ind2=" " tag="029"><subfield code="a">AU@</subfield><subfield code="b">000025851672</subfield></datafield></record>